<record><leader>00000cas a2200000 a 4500</leader><controlfield tag="001">35170227</controlfield><controlfield tag="008">960731d18871uuunyumr ne      0    0eng c</controlfield><datafield ind1=" " ind2=" " tag="010"><subfield code="a">sn 98067524 </subfield></datafield><datafield ind1=" " ind2=" " tag="040"><subfield code="a">ZRR</subfield><subfield code="b">eng</subfield><subfield code="c">ZRR</subfield><subfield code="d">NYS</subfield><subfield code="d">OCLCQ</subfield><subfield code="d">OCLCF</subfield><subfield code="d">OCLCO</subfield></datafield><datafield ind1="1" ind2=" " tag="029"><subfield code="a">AU@</subfield><subfield code="b">000013713365</subfield></datafield><datafield ind1=" " ind2=" " tag="042"><subfield code="a">pcc</subfield></datafield><datafield ind1=" " ind2=" " tag="043"><subfield code="a">n-us-ny</subfield></datafield><datafield ind1="0" ind2=" " tag="130"><subfield code="a">Visitor (Cutchogue, N.Y.)</subfield></datafield><datafield ind1="1" ind2="4" tag="245"><subfield code="a">The visitor.</subfield></datafield><datafield ind1=" " ind2=" " tag="260"><subfield code="a">Cutchogue, Suffolk County, N.Y. :</subfield><subfield code="b">Rev. E.D. Kelsen,</subfield><subfield code="c">1887-</subfield></datafield><datafield ind1=" " ind2=" " tag="300"><subfield code="a">v.</subfield></datafield><datafield ind1=" " ind2=" " tag="310"><subfield code="a">Monthly</subfield></datafield><datafield ind1="0" ind2=" " tag="362"><subfield code="a">Vol. 1, no. 7 (Aug. 1887)-</subfield></datafield><datafield ind1=" " ind2=" " tag="500"><subfield code="a">"Unity in essentials, charity in nonessentials."</subfield></datafield><datafield ind1=" " ind2=" " tag="588"><subfield code="a">Latest issue consulted: Vol. 2, no. 2 (Feb. 1888).</subfield></datafield><datafield ind1=" " ind2="0" tag="650"><subfield code="a">Protestants</subfield><subfield code="z">New York (State)</subfield><subfield code="v">Newspapers.</subfield></datafield><datafield ind1=" " ind2="0" tag="651"><subfield code="a">Cutchogue (N.Y.)</subfield><subfield code="v">Newspapers.</subfield></datafield><datafield ind1=" " ind2="0" tag="651"><subfield code="a">Suffolk County (N.Y.)</subfield><subfield code="v">Newspapers.</subfield></datafield><datafield ind1=" " ind2="7" tag="655"><subfield code="a">Newspapers.</subfield><subfield code="2">fast</subfield><subfield code="0">(OCoLC)fst01423814</subfield></datafield><datafield ind1=" " ind2="7" tag="650"><subfield code="a">Protestants.</subfield><subfield code="2">fast</subfield><subfield code="0">(OCoLC)fst01079934</subfield></datafield><datafield ind1=" " ind2="7" tag="651"><subfield code="a">New York (State)</subfield><subfield code="2">fast</subfield><subfield code="0">(OCoLC)fst01210280</subfield></datafield><datafield ind1=" " ind2="7" tag="651"><subfield code="a">New York (State)</subfield><subfield code="z">Cutchogue.</subfield><subfield code="2">fast</subfield><subfield code="0">(OCoLC)fst01272782</subfield></datafield><datafield ind1=" " ind2="7" tag="651"><subfield code="a">New York (State)</subfield><subfield code="z">Suffolk County.</subfield><subfield code="2">fast</subfield><subfield code="0">(OCoLC)fst01207260</subfield></datafield><datafield ind1=" " ind2=" " tag="752"><subfield code="a">United States</subfield><subfield code="b">New York</subfield><subfield code="c">Suffolk</subfield><subfield code="d">Cutchogue.</subfield></datafield><datafield ind1="0" ind2="0" tag="780"><subfield code="t">Cutchogue visitor</subfield><subfield code="w">(DLC)sn 98067523</subfield><subfield code="w">(OCoLC)35294725</subfield></datafield></record>